Untuk setiap referensi, baris pertama (newton1687) merupakan label dan baris-baris berikutnya
merupakan atribut dari referensi yang akan digunakan. Umumnya, format referensi berikut sudah
disediakan oleh penyedia sumber referensi secara online dan bisa langsung ditaruh di sini.

Lihat https://www.bibtex.com/g/bibtex-format/ untuk informasi lebih lanjut mengenai format
BibTex yang digunakan pada file ini.

@article{machinelearning1,
	author = {Sah, Shagan},
	year = {2020},
	month = {07},
	pages = {},
	title = {Machine Learning: A Review of Learning Types},
	doi = {10.20944/preprints202007.0230.v1}
}

@misc{supervised,
	title 	={Supervised vs. Unsupervised Learning},
	year 	={2018},
	url 	={https://towardsdatascience.com/supervised-vs-unsupervised-learning-14f68e32ea8d},
	urldate 	={2021-06-16}
}

@misc{unsupervised,
	title 	={Clustering in Machine Learning},
	year 	={2020},
	url 	={https://www.geeksforgeeks.org/clustering-in-machine-learning},
	urldate 	={2021-06-16}
}

@article{reinforcement,
	author = {Gao, Hongbo and Shi, Guanya and Xie, Guotao and Cheng, Bo},
	year = {2018},
	month = {11},
	pages = {172988141881716},
	title = {Car-following method based on inverse reinforcement learning for autonomous vehicle decision-making},
	volume = {15},
	journal = {International Journal of Advanced Robotic Systems},
	doi = {10.1177/1729881418817162}
}

@misc{roketluarangkasa,
  title   = {Roket Luar Angkasa Discovery},
  year    = 2021,
  url     = {https://airandspace.si.edu/explore-and-learn/topics/discovery/about.cfm},
  urldate = {2021-02-03}}
